<record><leader>00000cas a22000007a 4500</leader><controlfield tag="001">15807427</controlfield><controlfield tag="008">870604d18601860njuer ne      0    0eng d</controlfield><datafield ind1=" " ind2=" " tag="010"><subfield code="a">sn 87068125 </subfield></datafield><datafield ind1=" " ind2=" " tag="040"><subfield code="a">NJW</subfield><subfield code="b">eng</subfield><subfield code="c">NJW</subfield><subfield code="d">OCLCQ</subfield></datafield><datafield ind1=" " ind2=" " tag="042"><subfield code="a">msc</subfield></datafield><datafield ind1="0" ind2=" " tag="130"><subfield code="a">Spirit of democracy (Freehold, N.J.)</subfield></datafield><datafield ind1="1" ind2="4" tag="245"><subfield code="a">The spirit of democracy.</subfield></datafield><datafield ind1=" " ind2=" " tag="260"><subfield code="a">Freehold, N.J. :</subfield><subfield code="b">Committee of Regular Democrats,</subfield><subfield code="c">1860.</subfield></datafield><datafield ind1=" " ind2=" " tag="310"><subfield code="a">Biweekly,</subfield><subfield code="b">Sept.-Oct. 1860</subfield></datafield><datafield ind1=" " ind2=" " tag="321"><subfield code="a">Weekly,</subfield><subfield code="b">Aug.-Sept. 1860</subfield></datafield><datafield ind1="0" ind2=" " tag="362"><subfield code="a">Vol. 1, no. 1 (Aug. 18, 1860)-v. 1, no. 9 (Oct. 30, 1860).</subfield></datafield><datafield ind1=" " ind2=" " tag="752"><subfield code="a">United States</subfield><subfield code="b">New Jersey</subfield><subfield code="c">Monmouth</subfield><subfield code="d">Freehold.</subfield></datafield></record>